<record><leader>00000cas a22000007a 4500</leader><controlfield tag="001">31757915</controlfield><controlfield tag="008">950103d19791981ctuwr ne      0    0eng d</controlfield><datafield ind1=" " ind2=" " tag="010"><subfield code="a">sn 94053489 </subfield></datafield><datafield ind1=" " ind2=" " tag="040"><subfield code="a">CNW</subfield><subfield code="b">eng</subfield><subfield code="c">CNW</subfield><subfield code="d">OCLCQ</subfield><subfield code="d">OCLCF</subfield><subfield code="d">OCLCO</subfield></datafield><datafield ind1="1" ind2=" " tag="029"><subfield code="a">AU@</subfield><subfield code="b">000011501225</subfield></datafield><datafield ind1=" " ind2=" " tag="042"><subfield code="a">msc</subfield></datafield><datafield ind1="0" ind2="0" tag="245"><subfield code="a">Observer of Windsor Locks.</subfield></datafield><datafield ind1="1" ind2="7" tag="246"><subfield code="a">Observer</subfield><subfield code="f">1979-Oct. 1980</subfield></datafield><datafield ind1=" " ind2=" " tag="260"><subfield code="a">Windsor Locks, Conn. :</subfield><subfield code="b">Steven Maurens</subfield></datafield><datafield ind1=" " ind2=" " tag="300"><subfield code="a">v.</subfield></datafield><datafield ind1=" " ind2=" " tag="310"><subfield code="a">Weekly</subfield></datafield><datafield ind1="0" ind2=" " tag="362"><subfield code="a">Year 1, no. 1 (July 18, 1979)-year 3, no. 2 (July 23, 1981).</subfield></datafield><datafield ind1=" " ind2=" " tag="515"><subfield code="a">Preceeded by an introductory issue called: Prototype ed. (June 1979).</subfield></datafield><datafield ind1=" " ind2="0" tag="651"><subfield code="a">Windsor Locks (Conn.)</subfield><subfield code="v">Newspapers.</subfield></datafield><datafield ind1=" " ind2="7" tag="655"><subfield code="a">Newspapers.</subfield><subfield code="2">fast</subfield><subfield code="0">(OCoLC)fst01423814</subfield></datafield><datafield ind1=" " ind2="7" tag="651"><subfield code="a">Connecticut</subfield><subfield code="z">Windsor Locks.</subfield><subfield code="2">fast</subfield><subfield code="0">(OCoLC)fst01219258</subfield></datafield><datafield ind1=" " ind2=" " tag="752"><subfield code="a">United States</subfield><subfield code="b">Connecticut</subfield><subfield code="c">Hartford</subfield><subfield code="d">Windsor Locks.</subfield></datafield><datafield ind1="0" ind2="7" tag="785"><subfield code="t">Windsor Locks journal (Windsor Locks, Conn. : Windsor Locks ed.)</subfield><subfield code="w">(DLC)sn 93053953</subfield><subfield code="w">(OCoLC)27994774</subfield></datafield><datafield ind1="0" ind2="7" tag="785"><subfield code="t">Windsor Locks journal observer</subfield><subfield code="w">(DLC)sn 93053954</subfield><subfield code="w">(OCoLC)27994785</subfield></datafield></record>